@misc{Frank+Asuncion:2010,
author = "A. Frank and A. Asuncion",
year = "2010",
title = "{UCI} Machine Learning Repository",
url = "http://archive.ics.uci.edu/ml",
institution = "University of California, Irvine, School of Information and Computer Sciences" }

@misc{Hall_weka:2010,
    author = {Mark Hall and Eibe Frank and Geoffrey Holmes and Bernhard Pfahringer and Peter Reutemann and Ian H. Witten},
    title = {The WEKA Data Mining Software: An Update},
    year = "2010"
}
@misc{Mallah:2013,
	author = {Charles Mallah, James Cope and James Orwell},
	title = {Plant Leaf Classification Using Probabilistic Integration of Shape, Texture and Margin Features},
	year = "2013"
}